3246 5088
267 1526 424 1610 Syntaxis
459 1527 634 1594 historicae
669 1527 819 1594 doctrina
854 1547 916 1609 quo
954 1525 1059 1609 magis
1090 1526 1261 1607 magisque
1284 1543 1339 1590 ex·

159 1633 322 1701 coleretur
345 1641 445 1716 atque
468 1635 680 1717 expoliretur,
705 1640 818 1700 nostra
834 1635 1037 1716 potissimum
1054 1639 1164 1700 aetate
1183 1632 1337 1714 permulti

159 1741 192 1806 id
217 1743 373 1826 agebant,
398 1749 435 1807 ut
460 1742 494 1807 in
518 1741 718 1823 singulorum
743 1741 936 1823 scriptorum
956 1760 1059 1823 genus
1083 1740 1212 1807 dicendi
1242 1757 1338 1806 accu-

137 1849 265 1913 ratius
289 1849 493 1929 inquirerent
516 1855 550 1915 et
574 1849 749 1930 praecipue
774 1867 883 1914 eorum
907 1849 1121 1914 elocutionem
1147 1847 1339 1930 diligentius

160 1955 395 2035 examinarent,
421 1955 476 2036 qui
499 1956 665 2038 peculiare
689 1955 847 2037 quoddam
874 1957 1032 2021 sermonis
1057 1956 1218 2037 specimen
1245 1972 1336 2035 prae·

159 2063 237 2126 bere
259 2061 459 2128 viderentur.
499 2061 569 2145 Quo
593 2063 626 2128 iu
650 2082 783 2128 numero
796 2063 971 2129 Lucretius
985 2069 1073 2129 certe
1086 2073 1137 2128 est
1153 2062 1336 2144 habendus,

159 2168 279 2250 quippe
304 2169 359 2249 qui
384 2169 565 2235 elocutione
589 2170 731 2252 propria,
756 2189 838 2251 quae
863 2189 962 2252 prope
986 2171 1027 2235 ad
1053 2170 1175 2236 veteris
1200 2170 1337 2251 linguae

157 2293 278 2342 morem
304 2277 440 2361 accedit,
467 2296 544 2343 usus
568 2277 620 2343 sit.
668 2277 767 2344 Cuius
791 2277 949 2343 sermonis
973 2279 1012 2343 ad
1049 2278 1196 2359 singulas
1224 2285 1338 2358 partes

156 2383 312 2449 subtilius
336 2384 546 2466 explicandas
571 2403 642 2450 cum
663 2386 729 2467 jam
754 2385 848 2450 multi
872 2385 983 2451 studia
1007 2385 1206 2450 contulerint
1237 2393 1337 2465 atque

157 2490 256 2555 etiam
294 2493 448 2558 universe
483 2491 629 2558 Lucretii
664 2493 814 2576 syntaxis
850 2494 890 2558 ab
926 2493 1057 2558 Holtzio
1092 2493 1125 2557 in
1160 2492 1254 2571 libro,
1278 2492 1334 2573 qui

158 2597 367 2663 inscribitur:
396 2600 573 2682 „Syntaxis
597 2601 815 2666 Lucretianae
839 2600 1047 2684 lineamenta,
1073 2599 1206 2680 Lipsiae
1226 2603 1331 2663 1868“

158 2705 253 2770 docte
276 2706 472 2772 adumbrata
495 2708 549 2790 sit,
575 2715 683 2773 tamen
696 2727 834 2790 magnus
851 2708 956 2773 adhuc
973 2707 1092 2772 studiis
1110 2706 1336 2788 grammaticis

157 2812 199 2878 ad
233 2815 319 2881 huno
359 2821 486 2894 poetam
521 2817 763 2896 pertinentibus
787 2822 879 2896 patet
910 2833 1051 2897 campus.
1098 2821 1208 2895 Atque
1230 2833 1335 2896 nuper

116 2999 121 3010 ,
156 2921 236 2986 mihi
260 2922 299 2986 de
324 2921 463 2989 ablativi
487 2923 624 3004 quodam
651 2942 712 2988 usu
737 2923 859 2988 Holtzii
885 2923 1003 2987 librum
1027 2923 1236 3003 inspicienti,
1261 2940 1334 2986 cum

157 3029 287 3093 doctum
313 3029 404 3094 illum
430 3031 545 3111 virum,
571 3031 633 3095 etsi
657 3049 722 3095 non
746 3031 816 3096 sine
841 3050 959 3112 magna
991 3030 1154 3095 industria
1186 3029 1333 3110 exempla

157 3136 335 3218 collegerit,
372 3137 459 3202 haud
494 3139 543 3202 ita
577 3138 719 3203 feliciter
751 3138 917 3204 materiem
954 3137 1153 3219 disposuisse
1179 3137 1332 3202 vidissem

155 3243 412 3326 diligentiusque
444 3247 634 3312 examinans
665 3247 731 3311 alia
764 3249 804 3311 ab
829 3247 885 3311 illo
910 3246 1016 3311 minus
1039 3254 1128 3310 reete
1162 3250 1333 3324 perspecta

154 3352 221 3417 alia
245 3354 298 3419 vel
322 3353 442 3418 omissa
466 3355 518 3421 vel
535 3355 697 3420 nonsatis
715 3356 816 3421 effuse
837 3355 985 3436 exposita
1007 3372 1078 3419 esse
1096 3351 1332 3434 cognovissem,

156 3460 262 3526 denuo
287 3461 326 3525 de
350 3462 489 3527 ablativi
513 3481 574 3527 usu
598 3463 795 3529 Lucretiano
827 3462 1009 3528 accuratius
1040 3461 1210 3540 disputare
1245 3457 1332 3523 haud

154 3568 274 3634 inutile
299 3569 402 3633 visum
429 3577 488 3634 est.
535 3571 627 3636 iuter
663 3581 786 3635 cetores
822 3578 930 3635 autem
968 3587 1062 3633 casus
1096 3567 1330 3648 accusativum,

155 3677 211 3757 qui
236 3677 341 3742 denuo
365 3683 575 3758 tractaretur,
601 3679 735 3758 dignum
760 3677 958 3759 putavimus,
985 3677 1176 3756 praesertim
1202 3693 1274 3739 cum
1292 3673 1333 3738 de

156 3784 265 3848 verbis
290 3784 390 3866 vulgo
415 3785 636 3851 intransitivis
660 3785 836 3850 transitive
859 3792 892 3848 et
916 3785 956 3849 de
988 3784 1173 3849 transitivis
1206 3783 1331 3848 intrau-

155 3890 255 3956 sitive
277 3894 445 3974 usurpatis
461 3895 558 3976 paulo
575 3891 681 3959 fusius
695 3893 864 3958 dicendum
882 3892 1158 3959 existimaremus:
1183 3889 1331 3971 genetivi

156 3997 240 4062 enim
265 4007 299 4064 et
324 4001 429 4067 dativi
452 4021 561 4082 usum,
589 4001 740 4082 quoniam
769 4002 809 4067 de
833 4020 870 4066 eo
895 4002 929 4066 in
960 4000 1148 4066 universum
1178 3997 1332 4064 Holtzius

155 4105 237 4171 satis
262 4109 424 4174 commode
448 4110 640 4190 disputavit,
665 4110 713 4174 ita
736 4108 954 4190 praetermitti
978 4126 1074 4189 posse
1097 4107 1267 4190 duximus,
1294 4111 1331 4170 ut

154 4234 269 4299 pauca,
295 4236 378 4297 quae
410 4218 465 4283 ille
496 4218 549 4284 vel
572 4218 670 4299 plane
703 4216 813 4281 omisit
836 4217 889 4282 vel
912 4216 1031 4281 leviter
1054 4221 1087 4280 et
1112 4215 1206 4295 quasi
1237 4232 1332 4295 prae-

153 4326 277 4392 teriens
301 4326 423 4409 attigit,
449 4326 612 4391 afferenda
636 4343 846 4390 censeremus.
870 4323 988 4404 ltaque
1013 4324 1056 4389 de
1091 4322 1268 4389 ablativi
1292 4329 1331 4386 et

154 4435 398 4502 accusativi
423 4452 495 4500 usu
520 4431 772 4501 Lucretieno
806 4431 978 4510 disserere,
1001 4431 1190 4513 appendicis
1221 4439 1329 4498 autem
