3246 5088
283 938 389 1004 Natus
433 957 505 1004 sum
551 938 725 1006 Ioannes
763 940 955 1008 ideissner
993 940 1099 1023 pridie
1137 940 1212 1006 Kal.
1251 941 1359 1025 hiajas

179 1065 209 1112 a.
249 1047 279 1112 h.
318 1064 342 1111 s.
382 1046 528 1113 LXVIII
576 1047 833 1131 Altenbnrgiae,
873 1048 980 1129 capite
1019 1048 1158 1113 ducatus
1197 1048 1358 1115 Saxoniae

181 1155 455 1237 Altenburgensis
517 1162 612 1238 patre
682 1155 774 1222 Iulio
837 1161 945 1222 matre
1007 1156 1103 1222 Clara
1170 1174 1189 1220 e
1256 1164 1356 1239 gente

178 1262 306 1345 Funke,
332 1281 412 1343 quos
436 1263 632 1345 superstites
660 1281 732 1330 esse
754 1264 850 1330 valde
874 1263 1010 1345 gaudeo.
1056 1263 1171 1329 Fidem
1203 1263 1358 1346 profiteor

171 1362 413 1452 evangelicam.
469 1370 590 1436 Primis
634 1371 819 1437 lihterarum
870 1370 1039 1437 elementis
1083 1371 1229 1436 imbutus
1275 1388 1358 1451 puer

178 1478 327 1544 undecim
363 1496 539 1560 annorum,
573 1478 664 1543 urbis
697 1477 840 1561 patriae,
881 1485 1054 1559 postquam
1087 1477 1226 1561 scholae,
1260 1497 1356 1558 quam

117 1595 119 1599 '
178 1585 294 1652 dicunt
316 1586 451 1667 realem,
485 1591 612 1652 sextam
637 1585 775 1651 classem
805 1585 1023 1669 frequentavi,
1048 1584 1253 1668 gymnasium
1279 1584 1357 1666 adii,

177 1685 270 1759 cuius
295 1711 366 1756 cum
391 1711 448 1773 per
477 1700 549 1758 octo
581 1711 686 1759 annos
709 1693 887 1774 discipulus
911 1691 1047 1775 fuerim,
1076 1698 1208 1774 praeter
1231 1698 1357 1758 ceteros

178 1805 416 1883 praeceptores,
434 1800 489 1880 qui
507 1800 627 1881 optime
645 1800 684 1867 de
700 1818 751 1865 me
767 1807 965 1883 meruerunt,
988 1800 1174 1865 carissimos
1196 1799 1357 1882 imprimis

179 1907 435 1990 Dorstewitz,
485 1908 541 1988 qui
578 1926 664 1973 nunc
702 1916 833 1990 praeest
877 1907 1048 1990 gymnasio
1089 1907 1354 1990 Eisenbergensi,

178 2015 358 2097 Kuehne,
397 2015 585 2082 Schwabe
620 2033 746 2081 summa
781 2013 1011 2080 benevolentia
1046 2015 1080 2079 in
1121 2015 1355 2094 sempiternum

177 2128 306 2204 tempus
323 2140 373 2188 me
389 2123 452 2188 sibi
470 2122 699 2188 devinxerunt.
745 2121 950 2187 Maturitatis
970 2121 1157 2187 testimonio
1173 2121 1355 2187 instructus

177 2248 255 2295 vere
285 2249 313 2295 a.
344 2230 374 2295 h.
398 2249 423 2296 s.
452 2230 649 2295 LXXXVII
678 2229 712 2295 in
744 2247 914 2294 numerum
946 2229 1066 2295 civium
1099 2229 1356 2295 academicorum

176 2337 405 2403 universitatis
433 2336 587 2402 Jenensis
610 2344 762 2418 receptus
786 2355 867 2418 surn,
893 2345 930 2402 ut
953 2336 1073 2402 studiis
1096 2345 1131 2400 et
1150 2336 1357 2418 philologieis

178 2448 212 2508 et
243 2443 407 2508 historicis
442 2443 671 2509 incumberem.
723 2444 787 2508 Ter
818 2462 875 2510 sex
906 2461 1032 2510 menses
1063 2443 1170 2509 denae
1202 2450 1355 2509 versatus

179 2551 368 2617 Berolinum
391 2551 642 2634 transmigrari,
672 2551 756 2617 unde
780 2571 865 2617 anno
890 2557 972 2634 post,
998 2557 1036 2616 ut
1059 2549 1170 2617 studia
1194 2550 1235 2614 ad
1259 2549 1356 2615 finem

177 2658 398 2741 perducerem,
423 2658 527 2724 Hales
551 2658 715 2724 Saxonum
738 2677 790 2724 me
817 2659 950 2725 contuli.
996 2658 1186 2723 Docuerunt
1209 2676 1261 2722 me
1294 2656 1356 2724 viri

177 2765 394 2832 illustrissimi
416 2766 590 2832 lonenses:
623 2767 842 2849 Delbriick,
866 2766 1047 2847 Eucken,
1083 2765 1354 2848 Gaedechens,

176 2873 352 2956 Gelzer,
391 2873 543 2958 Goetz,
583 2873 753 2957 Hirzel,
793 2876 975 2956 Lorenz,
1016 2871 1356 2956 Meyer-Lbbke3

178 2981 398 3048 Berlinenses:
442 2982 648 3064 Bresslau,
677 2982 875 3063 Huebner,
914 2978 1143 3057 Kirchhoif,
1187 2981 1355 3062 Vahlen;

178 3087 354 3154 Halenses:
394 3090 695 3172 Dittenberger,
731 3088 928 3171 Droyeen,
966 3087 1174 3168 Erdmann,
1209 3087 1354 3171 Haym,

175 3191 357 3280 Hiller†,
382 3195 489 3277 Keil,
513 3197 709 3278 Liudner,
735 3196 887 3279 Meyer,
912 3196 1081 3278 Robert,
1105 3194 1294 3262 Suchier.

281 3302 523 3368 Prooeminario
554 3303 690 3370 interfui
721 3303 859 3370 Jeuensi
889 3322 948 3385 per
981 3304 1044 3368 duo
1077 3302 1264 3385 semestria,
1297 3320 1356 3383 per

178 3427 278 3475 unum
323 3409 445 3475 sodalis
479 3409 529 3476 fui
570 3412 736 3477 seminarii
783 3411 1073 3477 extraordInarius.
1129 3410 1274 3476 Berolini
1318 3415 1356 3474 ut

178 3516 469 3583 exercitationibus
503 3519 694 3585 interessem
718 3519 936 3602 philologieis,
966 3519 1107 3601 benigne
1137 3517 1357 3601 permiserunt

177 3621 363 3695 Huebner
387 3630 420 3691 et
452 3627 611 3691 Vahlen.
659 3627 697 3691 In
729 3626 937 3693 seminarium
969 3633 1122 3708 receptus
1150 3643 1220 3692 sum
1253 3624 1356 3707 philo-

179 3729 320 3812 logicum
349 3731 740 3816 aDittenbergero,
769 3733 953 3816 Hillero,
978 3733 1134 3816 Keili0,
1164 3731 1354 3798 historicum

174 3856 198 3904 a
220 3838 443 3922 Droyseno,
467 3841 697 3907 Lindnero.

285 3944 508 4028 Quibuscum
537 3949 685 4014 omnibus
709 3949 789 4016 viris
814 3955 880 4016 tum
894 3950 928 4015 H
937 3948 1085 4014 enrico
1108 3947 1269 4028 Keilio,
1299 3945 1356 4029 qui

179 4051 433 4134 benignissimus
470 4057 652 4123 studiorum
698 4074 839 4123 meorum
883 4055 1012 4123 exstitit
1049 4056 1189 4140 adjutor,
1229 4052 1355 4137 gratias

176 4175 279 4237 quam
302 4163 460 4229 maximas
484 4183 546 4247 ago
571 4182 761 4245 semperque
784 4166 919 4231 habebo.

661 4363 873 4372 ——u-
