3246 5088
631 420 851 480 ...47⁴-

260 611 442 694 Spatium
502 610 659 693 temporis
714 609 922 692 significatur
979 608 1126 675 ablativo
1181 608 1198 672 I
1251 609 1339 673 1004

145 725 313 802 perpetuo
338 774 346 788 .
370 771 384 790 ..
412 719 486 786 aevi
520 718 668 786 labentia
694 724 815 801 tractu,
840 717 869 781 V
896 723 993 799 12163
1018 717 1046 782 V
1073 721 1133 782 161
1164 713 1339 780 fundatum

145 833 314 909 perpetuo
338 845 429 894 aevo.

432 1205 467 1267 9.
513 1201 571 1266 De
595 1199 768 1266 ablativo
793 1196 1062 1283 separationis.

262 1363 386 1446 Verba,
411 1380 496 1444 quae
520 1360 681 1427 cedendi
705 1361 758 1427 vel
783 1360 965 1427 movendi
988 1360 1054 1426 vim
1078 1358 1217 1443 habent,
1251 1357 1340 1439 apud

147 1471 296 1552 optimos
332 1470 507 1551 scriptores
542 1487 581 1534 ea
604 1468 676 1549 lege
707 1467 812 1533 teneri
845 1472 987 1550 constat,
1023 1473 1075 1549 ut,
1111 1465 1139 1531 si
1174 1465 1337 1549 propriam

148 1579 214 1643 loci
257 1577 425 1644 notionem
466 1577 673 1656 contineant,
716 1575 915 1658 praepositio
949 1575 991 1640 iis
1026 1573 1242 1656 adjungatur,
1286 1572 1339 1638 sin

148 1685 379 1766 metaphorice
402 1691 612 1768 usurpentur,
637 1684 727 1749 solus
751 1683 919 1748 ablativus
943 1683 985 1748 iis
1009 1682 1200 1764 adhaeream
1229 1699 1249 1745 a
1273 1697 1341 1760 qua

147 1792 225 1875 lege
250 1798 423 1874 poetarum
449 1809 554 1856 sermo
577 1790 626 1855 ita
651 1789 807 1872 deflectit,
830 1800 869 1856 ut
892 1808 990 1871 saepe
1014 1809 1072 1871 pro
1096 1787 1342 1871 praepositione

147 1900 354 1966 adhibeatur
377 1899 515 1980 simplex
539 1898 714 1964 ablativus.
759 1898 971 1963 Lucretius
995 1902 1115 1977 autem,
1141 1913 1336 1976 quamquam

148 2007 252 2073 huius
286 2006 454 2073 libertatis
489 2006 639 2087 exempla
676 2025 739 2071 non
776 2004 907 2070 omuino
931 2005 1061 2083 desunt,
1097 2011 1206 2068 tamen
1230 2003 1341 2068 minus

147 2132 252 2198 saepe
290 2132 329 2179 ea
365 2131 442 2179 usus
477 2119 510 2178 et
546 2132 642 2193 quam
678 2112 868 2195 posterioris
903 2111 1024 2177 aetatis
1055 2108 1221 2194 poetae*);
1260 2109 1338 2190 quin

146 2224 252 2290 etiam
291 2221 455 2288 interdum
491 2221 762 2305 praepositionem
786 2221 950 2304 exhibuit,
984 2220 1039 2285 ubi
1066 2220 1116 2285 vel
1141 2221 1182 2283 ab
1207 2217 1338 2301 optimis

148 2349 274 2414 prosae
299 2329 457 2394 orationis
482 2330 696 2411 scriptoribus
720 2329 809 2394 solus
834 2328 1000 2394 ablativus
1025 2326 1101 2409 poni
1125 2327 1217 2392 solet.

265 2436 341 2503 Jam
367 2437 399 2501 in
426 2437 584 2518 exeurplis
608 2435 847 2519 perlustrandis
870 2453 937 2500 rem
962 2434 1011 2498 ita
1041 2433 1267 2515 instituamus,
1300 2436 1339 2497 ut

150 2564 219 2610 non
259 2545 363 2610 solum
400 2545 501 2608 verba
535 2542 696 2625 simplicia
727 2550 759 2607 et
791 2542 969 2624 composita
994 2541 1248 2622 distinguamus,
1281 2538 1339 2604 sed

152 2655 258 2719 etiam
296 2652 329 2716 in
366 2658 505 2732 utroque
540 2668 659 2732 genere
698 2669 750 2732 ea,
786 2668 870 2731 quae
904 2656 962 2714 aut
996 2648 1083 2714 nudo
1111 2647 1257 2713 ablativo
1280 2653 1340 2712 aut

154 2759 404 2844 praepositione
448 2758 611 2824 instructa
662 2764 757 2838 suut,
800 2760 840 2824 ab
875 2757 936 2839 iia,
976 2775 1059 2837 quae
1097 2762 1225 2821 tantum
1266 2773 1338 2821 eum

153 2865 400 2951 praepositione
425 2865 597 2948 conjuncta
611 2865 696 2947 apud
717 2864 906 2930 Lucretium
924 2864 1089 2945 leguntur,
1119 2863 1337 2945 seiungamus.

267 2977 299 3055 a)
345 2972 467 3038 verba
491 2971 696 3056 simplicia:

153 3084 188 3160 o)
241 3079 381 3146 areeri:
406 3078 423 3143 Ι
449 3084 511 3143 163
537 3079 672 3144 concilio
696 3079 811 3159 areeri,
836 3079 888 3144 ΙΙΙ
914 3081 992 3157 685;

151 3186 277 3254 ferri:
302 3187 355 3252 III
379 3191 442 3251 497
469 3204 505 3250 or
521 3204 538 3250 e
555 3185 643 3251 foras
666 3185 848 3268 glomerata
872 3183 1076 3250 feruntur—
1092 3190 1207 3249 eontra
1230 3189 1342 3249 exstat

296 3310 458 3376 praepos.;
496 3293 555 3358 ab:
591 3292 639 3357 IV
666 3299 729 3358 164
768 3299 829 3358 125
864 3297 929 3357 284
953 3291 1000 3356 VI
1024 3297 1086 3357 931
1114 3290 1208 3376 (935)
1233 3319 1266 3328 -
1292 3291 1342 3357 de

295 3400 342 3466 VI
368 3406 425 3478 763

154 3509 340 3576 fundere:
364 3507 416 3573 ΙΠ
443 3513 527 3572 1033
553 3508 694 3572 animam
718 3507 912 3573 moribundo
937 3525 1070 3589 corpore
1094 3505 1193 3588 fudit3
1218 3506 1247 3571 V
1272 3511 1337 3570 812

296 3615 387 3682 venis
412 3616 550 3695 cogebat
572 3613 710 3680 fundere
728 3615 851 3698 apertis
875 3643 908 3651 -
933 3614 1138 3697 Praepositio
1154 3613 1339 3680 invenitur:

295 3722 352 3788 de:
379 3723 426 3787 IV
450 3728 508 3803 533

157 3833 236 3898 ire:
262 3831 308 3897 VI
335 3835 419 3895 1203
445 3829 585 3912 expletis
608 3829 743 3894 naribus
766 3830 846 3912 ibat,
879 3827 937 3894 eir.
961 3830 1059 3912 Verg.
1084 3831 1164 3895 Aen.
1200 3826 1247 3894 IV
1273 3833 1338 3892 130

293 3938 321 4003 it
346 3937 478 4020 portis.
503 3988 509 4001 .
534 3936 659 4002 delecta
678 3937 853 4020 juventus3

159 4064 330 4114 manare:
355 4046 384 4111 V
410 4046 661 4110 restaurabat
677 4045 770 4110 venis
787 4044 1042 4110 ferventibus-
1060 4049 1173 4109 eontra
1196 4042 1255 4108 VI
1273 4047 1340 4108 944

294 4159 405 4218 manat
429 4199 437 4216 .
463 4204 469 4217 .
494 4170 512 4217 e
536 4157 604 4216 toto
629 4169 761 4234 corpore
786 4150 897 4233 sudor3

222 4347 248 4411 *)
270 4345 303 4400 ai.
323 4345 448 4411 Autome,
468 4343 485 4397 l.
505 4361 527 4398 e.
546 4361 572 4412 p.
594 4345 642 4399 161
664 4360 711 4412 sq.‚
731 4345 764 4401 P.
781 4345 845 4398 Hau
863 4345 881 4400 l.
901 4361 923 4399 e.
942 4361 968 4413 p.
988 4345 1022 4399 73
1042 4360 1089 4412 sq.,
1109 4345 1208 4400 Hoerle
1225 4345 1244 4400 l.
1269 4360 1291 4398 o.
1311 4360 1340 4411 p.

267 4437 310 4505 67,
332 4436 415 4502 Drbg.
434 4433 505 4488 Hist.
525 4435 551 4489 S.
573 4435 596 4487 p
614 4451 639 4502 p.
660 4439 722 4489 501,
