3246 5088
672 865 707 930 3.
753 863 811 928 De
836 863 1008 930 ablativo
1032 864 1147 930 modi.

435 1007 543 1074 Huius
566 1008 717 1090 ablativi,
743 1007 799 1091 qui
835 1000 897 1091 quo
933 1009 1011 1089 quid
1038 1007 1097 1074 fiat
1121 1009 1214 1080 modo
1238 1007 1413 1091 significat,
1440 1006 1507 1072 duo-

328 1133 449 1198 genera
473 1115 688 1181 discernenda
712 1123 799 1181 sunt.
846 1116 960 1181 Altero
990 1116 1076 1182 enim
1104 1133 1222 1198 genere
1250 1133 1303 1180 res
1335 1122 1406 1180 arte
1430 1133 1501 1179 curn

327 1221 419 1287 verbi
443 1222 572 1288 actione
595 1223 778 1305 coniuncta,
809 1223 911 1288 altero
947 1240 999 1288 res
1028 1223 1231 1289 extrinsecus
1260 1221 1353 1287 verbi
1376 1221 1501 1287 notioni

327 1329 482 1395 adiuncta
506 1348 641 1411 eamque
665 1329 756 1410 quasi
782 1329 1017 1410 quodammodo
1040 1348 1179 1411 sequens
1211 1328 1385 1395 indicatur.
1432 1329 1507 1394 Hoc·

326 1443 434 1502 autem
460 1455 564 1520 genus
587 1437 637 1503 ita
672 1437 836 1518 discrepat
871 1439 913 1503 ab
944 1437 1011 1520 iilo,
1038 1444 1074 1503 ut
1097 1437 1185 1520 apud
1208 1437 1348 1518 optimos
1373 1436 1501 1518 quidem

326 1544 503 1626 scriptores
538 1545 636 1610 huius
672 1543 757 1610 modi
792 1545 949 1611 ablativis
984 1546 1073 1611 nullo
1126 1544 1348 1610 additamento
1384 1544 1501 1626 positis

326 1670 453 1734 semper
475 1651 554 1736 fere,
590 1649 751 1718 attributo
786 1659 894 1718 autem
927 1652 1100 1718 instructis
1136 1653 1222 1718 haud
1251 1671 1342 1718 raro·
1361 1651 1503 1718 addatur

325 1760 523 1841 praepositio
547 1759 674 1843 ‚,cum“,
711 1779 730 1826 a
765 1779 830 1841 qua
861 1760 990 1826 dicendi
1027 1759 1262 1826 consuetudine
1296 1760 1411 1825 mirum
1438 1778 1502 1825 non

325 1873 377 1933 est
410 1868 543 1948 paulum
581 1867 732 1934 recedere
768 1867 975 1950 Lucretium,
1012 1869 1082 1950 qui,
1120 1887 1199 1954 qno⁸
1217 1874 1289 1933 erat
1324 1867 1501 1933 brevitatis

325 1975 568 2056 gravitatisque
603 1975 722 2057 studio,
759 1975 891 2057 saepius
932 1975 1183 2057 praepositionis
1223 1993 1316 2040 usum
1363 1975 1500 2056 respuit,

323 2081 488 2147 interdum
512 2101 589 2148 vero
605 2082 703 2148 etiam
727 2089 859 2166 praeter
882 2083 1064 2164 opinionem
1089 2081 1229 2148 admisit.
1253 2083 1329 2148 Jam
1353 2083 1501 2164 exempla

322 2189 396 2270 ipsa
420 2189 656 2270 perlustremus
692 2190 820 2256 omissis
855 2197 963 2256 tamen
999 2189 1051 2273 iis,
1090 2208 1173 2270 quae
1196 2188 1350 2255 Hoitzius
1373 2189 1393 2255 1.
1418 2207 1445 2255 5.
1470 2209 1500 2269 p.

324 2302 366 2362 22
380 2315 427 2379 sq.
451 2297 595 2381 collegit,
634 2298 689 2379 qui
738 2317 842 2380 paene
877 2298 1006 2363 omnino
1040 2298 1179 2363 alterum
1220 2297 1317 2363 huius
1361 2297 1500 2364 ablativi

323 2423 428 2487 genus
451 2405 606 2489 neglexit.

431 2516 479 2578 Ac
502 2513 622 2594 prioris
646 2513 778 2595 generis
803 2514 950 2594 exempla
974 2519 1051 2578 sunt
1075 2513 1168 2579 haec:

317 2689 319 2696 ,
430 2621 464 2700 9)
511 2621 599 2687 sine
622 2621 819 2686 attributo
844 2626 1046 2702 usurpata:

455 2727 707 2810 11426jure‚
734 2727 986 2794 1139111963
1027 2763 1064 2783 -ι
1091 2728 1126 2793 ΙΙ
1162 2733 1226 2793 698
1261 2727 1387 2810 merito,
1422 2733 1502 2810 998,

321 2835 375 2901 ΠΙ
400 2841 476 2915 715,
500 2838 575 2918 954,
599 2834 648 2901 IV
674 2841 747 2918 160,
774 2835 803 2900 V
828 2841 903 2917 822,
928 2835 976 2900 VI
1000 2840 1065 2902 548
1102 2871 1144 2881 -
1181 2834 1232 2900 III
1264 2841 1328 2900 513
1362 2835 1500 2901 ordine

321 2942 370 3008 VI
394 2945 478 3026 913;
495 2979 537 2990 -
554 2944 583 3009 V
597 2949 661 3008 225
697 2941 864 3008 nixibus
888 2961 929 3008 ex
945 2944 1020 3009 alvo
1036 2943 1151 3008 matris
1164 2949 1283 3008 natura
1299 2942 1499 3023 profudit—

321 3049 369 3116 VI
393 3049 456 3116 541
483 3051 615 3117 volvere
650 3050 688 3116 vi
723 3049 842 3116 fluctus
899 3086 939 3096 -
975 3049 1023 3116 VI
1060 3055 1145 3116 1096
1182 3069 1278 3116 casu
1309 3055 1420 3116 coorta
1457 3087 1495 3095 -

321 3156 415 3224 Adde
438 3156 455 3221 I
480 3163 522 3224 74
545 3157 739 3240 peragravit
761 3164 886 3224 mente
910 3156 1133 3238 animoque.

428 3263 502 3331 Duo
524 3265 623 3332 huius
647 3265 778 3349 generis
802 3265 940 3331 ablativi
964 3265 1130 3331 coniuncti
1154 3273 1249 3332 sunt:

454 3374 581 3456 11021
608 3391 715 3454 neque
750 3372 926 3438 consilio
961 3373 1140 3454 primordia
1174 3391 1282 3440 rerum
1318 3373 1431 3439 ordine
1463 3391 1499 3438 se

456 3499 514 3546 suo
539 3499 687 3562 quaeque
710 3480 855 3563 sagaci
878 3489 1005 3545 mente
1029 3481 1188 3546 locarunt.

425 3589 517 3655 Talis
541 3589 627 3654 enim
651 3588 870 3654 ablativorum
883 3587 1026 3654 eiusdem
1039 3588 1169 3672 generis
1181 3588 1253 3654 sine
1270 3589 1498 3654 coniunctione

316 3697 414 3782 juxta
425 3696 604 3778 positorum
622 3695 742 3778 usus*)
759 3696 890 3778 saepius
907 3695 993 3778 apud
1008 3695 1198 3762 Lucretium
1215 3696 1366 3780 occurrit,
1377 3697 1498 3778 veluti;

453 3805 489 3870 11
503 3809 566 3868 708
584 3803 826 3869 seminibus
850 3803 991 3868 certis
1014 3809 1130 3869 certa
1152 3804 1369 3884 genetrice
1386 3810 1497 3870 creata

456 3911 498 3991 (v.
522 3930 546 3978 ε.
569 3931 600 3994 e·
627 3915 694 3994 lit

454 4019 488 4084 II
514 4025 529 4084 1
557 4018 667 4085 mari
691 4035 833 4099 magno
856 4017 1134 4084 turbantibus
1163 4035 1303 4097 aequora
1327 4020 1496 4098 ventis;

455 4125 494 4190 de
518 4144 580 4209 quo
604 4125 675 4192 loco
700 4144 727 4192 c.
750 4123 837 4190 inira
861 4145 891 4207 p.
917 4131 973 4208 92;
1163 4109 1165 4115 ’

384 4266 410 4337 Ψ)
429 4266 537 4321 omnino
556 4269 603 4322 cfr.
622 4267 655 4322 de
673 4267 724 4322 hac
741 4283 770 4322 re
788 4267 955 4336 Madvigium
973 4265 991 4320 l.
1011 4281 1033 4321 e.
1061 4267 1134 4320 2789
1159 4270 1187 4320 91
1212 4266 1370 4322 Munronem
1389 4267 1450 4323 adn.
1469 4266 1495 4335 1,

426 4356 479 4411 183
499 4357 573 4424 (tem.
591 4359 629 4414 11.
648 4376 674 4429 p.
693 4357 748 4424 49).
