3246 5088
609 438 832 508 -194-

126 630 374 716 81888881
399 636 474 713 830,
499 629 529 695 8
554 628 743 709 888881
770 635 843 712 180,
872 634 943 712 888,
970 633 1045 710 888,
1070 626 1105 693 11
1131 631 1205 708 888,
1231 629 1308 708 888,

268 744 344 820 888,
369 744 445 822 888,
471 742 546 820 888,
572 742 648 818 888,
671 737 720 802 lv
744 742 820 819 004,
846 737 893 802 vi
917 738 995 817 846;
1021 769 1060 782 -
1086 733 1309 799 88811888

268 845 418 928 egigni
441 862 575 925 corpore
598 844 686 910 vivo.

242 953 270 1036 1)
293 953 492 1019 Μ88118888
505 951 662 1018 18818888
674 952 735 1017 hoc
747 952 817 1017 1888
830 951 1046 1017 ablativorum
1060 947 1224 1030 gerundii,
1240 966 1267 1013 8.
1280 967 1312 1032 g.

268 1062 363 1126 1202
376 1060 544 1140 88118888
556 1057 696 1126 vivendo
710 1059 826 1124 vitalia
843 1059 975 1124 vincere
987 1059 1095 1125 saecla
1108 1077 1143 1100 =
1164 1056 1313 1142 111848;

268 1168 374 1233 1808
400 1165 535 1233 terendo
560 1183 739 1247 quaecum
765 1165 968 1246 confluxer83

268 1274 420 1350 111491,
446 1280 520 1357 706,
545 1272 593 1339 IV
619 1279 681 1338 720
707 1274 739 1338 in
764 1273 955 1339 remorando
978 1275 1129 1357 laeder83

269 1383 316 1449 VI
345 1387 405 1448 143
432 1382 603 1463 88188881
628 1399 772 1446 murmur
796 1381 878 1446 dant
900 1382 933 1446 in
960 1380 1153 1465 frangendo,
1179 1383 1234 1463 qui
1257 1384 1313 1449 ab·

131 1491 229 1557 letivi
266 1490 441 1573 praecipue
476 1509 495 1555 8
529 1488 765 1571 posterioribus
801 1488 1015 1570 scriptoribus
1039 1490 1190 1572 usurpati
1225 1490 1313 1556 haud

133 1617 211 1665 raro
234 1599 268 1664 in
293 1598 357 1663 vim
382 1597 436 1663 vel
460 1595 622 1663 causalem
647 1596 701 1662 vel
725 1596 882 1662 modalem
907 1598 1037 1663 abeunt.
1085 1594 1157 1680 Quo
1181 1598 1221 1664 de
1249 1617 1312 1664 usu

130 1704 284 1773 conferas
306 1704 466 1785 exempla,
490 1722 574 1785 quae
597 1703 730 1785 collegit
753 1704 905 1770 Holtzius
929 1704 949 1769 l.
973 1725 1001 1769 c.
1025 1723 1094 1786 cap.
1106 1705 1158 1770 IX
1182 1724 1211 1787 p.
1250 1711 1314 1772 130

129 1819 171 1880 et
193 1832 261 1894 cap.
285 1813 365 1890 IVe)
391 1831 420 1893 p.
445 1817 496 1878 94.

243 1938 278 2023 g)
303 1938 356 2002 Ex
380 1955 559 2019 permagno
582 1945 763 2003 ceterorum
788 1938 1008 2018 exemplorum
1032 1938 1119 2004 silva
1135 1946 1315 2005 eatantum

129 2045 280 2127 afferam,
304 2063 387 2125 quae
412 2045 510 2125 paulo
533 2041 905 2110 insolentius'videntur
928 2063 1001 2111 8888
1017 2045 1103 2111 dicta
1119 2046 1174 2111 vel
1197 2046 1316 2128 quibus

130 2172 234 2235 8888
259 2153 326 2218 1818
350 2160 463 2233 pateat
486 2152 540 2217 bic
564 2170 643 2218 usus
659 2152 746 2234 apud
759 2153 949 2219 Lucretium
963 2153 1178 2236 cognoscitur.
1213 2153 1316 2220 Plane

134 2260 239 2343 igitur
261 2258 488 2340 praetermitto
512 2259 676 2324 ablativos
700 2277 771 2324 cum
797 2260 908 2324 verbis
932 2260 1056 2340 passivi
1080 2262 1211 2342 generis
1242 2280 1318 2328 con.

124 2369 274 2452 ⁴iunctos.
315 2367 435 2449 quippe
471 2366 526 2448 881
561 2366 643 2432 nihil
689 2368 868 2447 praebeant
908 2367 1073 2433 mentione
1120 2367 1220 2450 digni.
1267 2373 1316 2435 Ac

105 2524 109 2530 .
136 2476 276 2556 primum
306 2475 433 2555 quidem
469 2474 781 2540 commemorandum
816 2481 866 2539 est
897 2475 1085 2540 Lucretium
1110 2476 1209 2541 semel
1234 2476 1317 2557 peri·

137 2583 271 2665 phrasin
296 2601 445 2665 „0pera
468 2583 674 2647 alicuius“
699 2600 858 2663 usurpare
881 2582 938 2663 ita,
963 2589 1088 2647 utnon
1113 2582 1153 2650 de
1176 2583 1316 2667 bomine,

133 2690 196 2756 sed
220 2691 259 2756 de
284 2690 401 2770 anima,
427 2708 511 2771 quae
535 2689 628 2770 88881
651 2707 811 2769 personae
834 2689 907 2755 vice
929 2687 1025 2770 fungi
1048 2689 1224 2770 cogitanda
1254 2699 1316 2774 est,

34 2852 35 2861 ,
131 2797 719 2877 1188188818111930,881881
760 2797 838 2878 quin
879 2815 1025 2878 opera
1056 2796 1102 2862 sit
1125 2815 1240 2863 sensus
1263 2797 1317 2862 hic

62 2951 64 2956 .
136 2906 172 2971 in
196 2905 323 2970 nobis“.

245 3029 373 3096 Deinde
404 3028 730 3096 animadvertendum
765 3034 815 3094 est
854 3029 1041 3094 Lucretium
1078 3030 1163 3094 sicut
1192 3035 1316 3096 ceteros

132 3135 297 3222 8888188*)
321 3136 484 3202 interdum
510 3135 550 3201 od
586 3136 678 3203 verbi
703 3135 867 3201 notionem
893 3137 1015 3201 certius
1040 3135 1253 3203 deliniendam
1278 3157 1317 3203 ac

130 3243 468 3310 circumscribendam
485 3243 666 3309 ablativum
683 3243 966 3309 instrumentalem
983 3243 1102 3309 addere
1119 3245 1315 3328 sententiae,

130 3370 204 3432 888
229 3370 424 3432 88888888
461 3352 559 3432 plane
583 3357 696 3433 posset
730 3369 841 3417 carere
880 3350 995 3433 oratio,
1031 3358 1139 3417 tamen
1175 3351 1318 3418 81181188

139 3459 343 3525 abundantia
378 3458 536 3540 quaedam
573 3457 736 3540 loquendi,
769 3477 852 3539 quae
886 3464 1054 3538 poetarum
1090 3459 1172 3524 8881
1196 3459 1317 3540 optime

129 3567 302 3634 convenit.
349 3564 414 3632 Gfr.

273 3672 308 3737 Π
333 3678 395 3738 357
422 3673 531 3737 omnia
554 3673 772 3738 convisens
797 3671 934 3738 oculis
959 3672 1042 3752 loca;

273 3781 415 3847 111431
442 3779 841 3865 somnissopiti**);

130 3995 352 4008 ι*

205 4137 233 4203 *)
254 4135 303 4192 cir.
322 4137 492 4206 Antoine,
512 4136 530 4191 l.
550 4152 572 4192 c.
590 4152 617 4205 p.
637 4136 697 4204 188,
730 4150 843 4202 quocum
870 4137 921 4190 hoc
949 4133 1063 4189 ablativi
1090 4150 1176 4203 genus
1204 4134 1316 4190 dicimus

248 4226 397 4282 ablativum
416 4225 591 4282 instrumenti
609 4225 781 4293 expletivum,
801 4230 829 4280 81
847 4225 897 4280 Hc
909 4224 1003 4293 erle,
1023 4224 1041 4279 l.
1060 4240 1082 4280 c.
1101 4241 1127 4293 p.
1147 4225 1190 4280 07.

187 4318 230 4383 **)
251 4317 339 4385 „quod
358 4333 445 4386 genus
463 4317 491 4371 in
511 4317 611 4371 somnis
630 4316 711 4384 sopiti
731 4315 792 4369 ubi“
813 4315 888 4370 codd.

250 4407 339 4476 „quod
357 4421 443 4476 genus
463 4413 513 4475 881,
533 4407 632 4461 somnis
650 4407 732 4475 sopiti
751 4405 812 4461 ubi“
834 4406 942 4460 Lachm.
