3246 5088
632 424 856 486 ..59-

133 605 288 676 uerenda
325 617 414 697 sunt,
451 631 534 696 quae
568 614 722 684 Holtaius
754 621 789 684 et
811 618 1002 687 Staedlerus
1029 620 1050 686 l.
1074 639 1099 686 c.
1123 639 1152 703 p.
1177 623 1219 686 29
1243 625 1332 688 attu-

129 715 267 797 lerunt,
279 718 341 784 sed
353 738 637 788 commemoremus
649 740 743 789 usum
756 726 969 794 transitivum
982 728 1155 794 verborum
1169 727 1284 794 halan
1293 727 1331 794 di

128 830 174 889 «et
198 825 397 905 spirandi
432 826 530 909 plane
564 829 737 910 poeticum.
794 830 916 900 Exstat
949 834 1035 900 euim
1082 853 1156 902 cum
1202 835 1329 902 obiecto

132 931 375 999 coniunctum:

136 1037 311 1105 halare:
335 1039 370 1104 II
393 1045 459 1106 848
484 1046 598 1108 nectam
621 1042 677 1123 qui
701 1042 793 1110 halat
825 1043 874 1128 (=
897 1051 1081 1114 caturcum
1103 1049 1252 1116 aaaron
1274 1051 1331 1133 pot

284 1148 392 1227 huot)
426 1185 470 1194 —
505 1148 553 1214 VI
589 1154 650 1214 221
688 1157 849 1232 notaeque
882 1152 995 1233 gravis
1019 1152 1163 1220 halantis
1186 1153 1330 1235 sulpuris

285 1273 387 1320 auras
423 1254 526 1336 (codd.
561 1255 706 1340 „aurte“,
743 1259 904 1326 Marullus
938 1258 1097 1345 „ouraa“)
1123 1296 1168 1308 -
1191 1261 1238 1328 VI
1265 1267 1327 1328 391

283 1360 432 1428 flammas
467 1368 505 1429 ut
538 1362 679 1446 fulguris
714 1364 827 1431 halent
863 1401 904 1412 —
932 1365 979 1432 VI
1002 1369 1066 1432 523
1092 1385 1234 1434 umorem
1258 1373 1330 1435 tota

285 1469 445 1536 redualat

129 1576 322 1658 spirare:
345 1577 380 1642 H
406 1583 468 1643 705
493 1577 694 1644 flammam..
719 1579 917 1661 spirantis..
942 1580 1130 1647 Chimaeras
1159 1579 1209 1664 (=
1225 1583 1327 1668 flom-

285 1708 390 1753 meom
416 1688 569 1770 spiritum
595 1689 672 1771 spir.
706 1687 780 1771 Oli.)
813 1722 857 1736 -
881 1687 910 1751 V
941 1693 982 1752 29
1006 1688 1171 1768 spirantes
1193 1689 1329 1756 naribus

285 1791 393 1875 ignem
431 1826 472 1839 -
508 1792 538 1856 V
574 1797 638 1858 392
675 1797 804 1859 tantum
838 1793 1044 1874 spirantes..
1078 1794 1217 1877 bellum;
1264 1814 1328 1876 quo

286 1899 475 1965 accusativo
500 1899 592 1980 quasi
616 1898 751 1965 effectus
773 1900 914 1967 actionis
938 1901 1083 1967 verbalis
1111 1900 1326 1986 significatur,

286 2005 410 2086 dequo
434 2005 509 2073 vide
532 2006 678 2090 Madvig.
701 2007 777 2075 Lot.
803 2009 946 2076 (irarum.
971 2005 990 2094 ξ
1016 2013 1079 2074 237
1105 2028 1133 2074 c.

721 2221 757 2288 B.

260 2347 437 2412 Veniamus
460 2365 546 2411 nunc
570 2347 610 2411 ad
634 2365 705 2413 eam
729 2351 865 2428 partem,
901 2347 936 2412 in
960 2365 1025 2427 qua
1048 2348 1223 2413 tractanda
1238 2366 1326 2414 sum·

131 2473 232 2520 mam
260 2453 358 2520 huius
382 2452 422 2518 de
446 2453 633 2519 accusativo
657 2452 891 2533 disputationis
908 2453 1047 2534 positam
1065 2471 1137 2520 esse
1152 2454 1324 2522 voluimus.

138 2561 252 2628 Paulo
276 2561 360 2627 euim
385 2559 573 2626 accuratius
596 2560 636 2626 de
659 2561 769 2628 verbis
792 2561 891 2643 vulgo
915 2560 1100 2627 transitivis
1113 2561 1187 2627 sine
1200 2562 1326 2629 obiecto

130 2676 176 2734 et
201 2669 299 2751 quasi
335 2669 483 2734 absolute
515 2669 683 2749 usurpatis
714 2667 822 2734 dicere
845 2667 939 2734 nobis
963 2669 1197 2750 proposuimus.
1243 2670 1326 2736 Nam

132 2776 268 2843 leviter
291 2782 418 2841 tantum
443 2775 595 2842 Holtzius
620 2775 654 2840 in
677 2775 783 2858 prima
807 2775 926 2857 capitis
948 2776 1079 2858 septimi
1102 2781 1198 2858 parte
1229 2794 1326 2860 pagg.

144 2889 328 2951 lla-ruo
351 2883 438 2950 hunc
462 2902 556 2949 usum
579 2884 786 2966 perstrinxit;
809 2883 903 2950 cuius
926 2890 1083 2964 quattuor
1098 2883 1326 2966 generanobis

141 2991 384 3075 distinguenda
417 2991 581 3058 videntur.
627 2994 677 3057 Ac
704 2991 844 3072 primum
868 2988 997 3071 quidem
1021 2989 1061 3072 a)
1086 2989 1125 3055 de
1149 2989 1192 3056 iis
1216 2991 1326 3058 verbis

140 3098 344 3181 transitivis,
381 3116 473 3181 quae,
510 3117 582 3163 cum
617 3097 841 3166 accusativum
874 3114 937 3162 nou
962 3095 1143 3179 requirant,
1168 3115 1245 3164 vere
1269 3099 1325 3164 ab·

140 3207 257 3272 soluta
295 3205 328 3271 vi
369 3205 531 3288 dicantur,
572 3203 688 3271 deinde
723 3203 764 3288 b)
802 3204 843 3270 de
866 3203 908 3270 iis
936 3204 1093 3285 exemplis
1117 3223 1263 3288 agamus,
1288 3205 1324 3272 in

136 3315 267 3396 quibus
290 3314 392 3380 verba
416 3312 542 3378 obiecto
566 3311 696 3393 quidem
721 3317 845 3395 carent,
869 3310 925 3378 sed
949 3311 1006 3396 ita,
1032 3316 1070 3376 ut
1092 3311 1153 3377 hoc
1176 3329 1218 3377 ex
1233 3317 1325 3377 ante·

142 3419 340 3488 cedentibus
375 3419 472 3485 facile
506 3419 731 3502 subaudiatur,
768 3427 838 3485 tum
874 3419 907 3503 c)
943 3418 1126 3485 adscribam
1150 3437 1190 3485 ea
1214 3420 1322 3504 verba,

135 3546 232 3611 puae
267 3527 399 3609 saepius
434 3527 468 3594 vi
501 3527 679 3593 transitiva
714 3527 843 3592 omnino
875 3534 974 3592 exuta
1009 3544 1082 3591 cum
1117 3526 1230 3592 dativo
1270 3528 1323 3592 vel

145 3634 391 3719 praepositione
415 3634 669 3718 conjunguntur,
696 3633 835 3715 denique
858 3632 898 3717 d)
921 3652 960 3699 ea
984 3631 1126 3711 afferam,
1144 3651 1323 3715 quaecum

143 3744 234 3811 actio
258 3742 402 3810 verbalis
426 3741 466 3808 ad
491 3742 597 3822 ipsum
620 3741 801 3808 subiectum
825 3740 998 3822 referatur,
1035 3757 1133 3805 sensu
1167 3739 1323 3806 reflexivo

146 3871 168 3918 a
191 3851 346 3917 Lucretio
370 3855 580 3930 usurpantur.

138 3961 184 4040 a)
210 3975 345 4041 agere:
368 3959 385 4023 I
410 3962 449 4022 41
484 3975 559 4022 nam
593 3974 697 4036 neque
720 3973 779 4021 nos
804 3972 943 4038 agere,
968 3972 1140 4036 possumus
1163 3953 1216 4020 III
1241 3959 1322 4036 9633

147 4083 311 4149 angere:
335 4065 383 4132 IV
409 4065 496 4129 1134
519 4061 604 4145 quod
628 4063 662 4128 in
686 4062 768 4144 ipsis
791 4061 926 4127 floribus
950 4066 1070 4144 angat3

140 4173 217 4242 auf
222 4191 320 4239 erre:
345 4171 392 4238 VI
417 4177 481 4238 6⁶22
504 4171 643 4254 largiter
667 4170 701 4236 in
718 4174 810 4236 tauto
823 4168 930 4250 spatio
943 4175 1051 4235 tamen
1065 4166 1194 4234 auferet
1210 4167 1321 4252 undis;

141 4299 323 4349 caecare:
347 4279 395 4346 IV
420 4283 484 4344 300
509 4278 556 4344 sol
581 4277 680 4344 etiam
705 4280 829 4358 caecat3

140 4404 320 4455 canere:
345 4387 361 4452 Ι
401 4392 462 4451 117
498 4386 628 4452 Ennius
661 4390 698 4450 ut
720 4390 831 4449 noster
854 4383 986 4463 cecinit;
1013 4383 1042 4447 V
1067 4387 1143 4466 405,
1168 4383 1216 4448 VI
1241 4387 1320 4466 7543
